% Encoding: UTF-8

@Article{Reddy_2023,
  author       = {Reddy, G. Vijendar and Aitha, Lakshmi Jaswitha and Poojitha, Ch. and Shreya, A. Naga and Reddy, D. Krithika and Meghana, G. Sai.},
  date         = {2023},
  journaltitle = {E3S Web of Conferences},
  title        = {Electricity Consumption Prediction Using Machine Learning},
  doi          = {https://doi.org/10.1051/e3sconf/202339101048},
  editor       = {Tummala, S.K. and Kosaraju, S. and Bobba, P.B. and Singh, S.K.},
  issn         = {2267-1242},
  pages        = {01048},
  volume       = {391},
  publisher    = {EDP Sciences},
}

@Article{Alanbar_2020,
  author       = {Alanbar, Maha and Alfarraj, Amal and Alghieth, Manal},
  date         = {2020-06},
  journaltitle = {International Journal of Interactive Mobile Technologies (iJIM)},
  title        = {Energy Consumption Prediction Using Deep Learning Technique},
  doi          = {https://doi.org/10.3991/ijim.v14i10.14383},
  issn         = {1865-7923},
  number       = {10},
  pages        = {166},
  volume       = {14},
  publisher    = {International Association of Online Engineering (IAOE)},
}

@Article{V_E_2020,
  author       = {V E, Sathishkumar and Lim, Jonghyun and Lee, Myeongbae and Cho, Kyeongryong and Park, Jangwoo and Shin, Changsun},
  date         = {2020-02},
  journaltitle = {International Journal of Energy, Information and Communications},
  title        = {Industry Energy Consumption Prediction Using Data Mining Techniques},
  doi          = {http://dx.doi.org/10.21742/ijeic.2020.11.1.02},
  issn         = {2652-1989},
  number       = {1},
  pages        = {7--14},
  volume       = {11},
  publisher    = {Global Vision Press},
}

@Article{Wang_2020,
  author       = {Wang, Jian Qi and Du, Yu and Wang, Jing},
  date         = {2020-04},
  journaltitle = {Energy},
  title        = {LSTM based long-term energy consumption prediction with periodicity},
  doi          = {https://doi.org/10.1016/j.energy.2020.117197},
  issn         = {0360-5442},
  pages        = {117197},
  volume       = {197},
  publisher    = {Elsevier BV},
}

@Comment{jabref-meta: databaseType:biblatex;}
